@article{usersenemy,
	title={Users are not the enemy},
	author={Adams, Anne and Sasse, Martina Angela},
	journal={Communications of the ACM},
	volume={42},
	number={12},
	pages={40--46},
	year={1999},
	publisher={ACM}
}

@inproceedings{florenciolarge,
	title={A large-scale study of web password habits},
	author={Florencio, Dinei and Herley, Cormac},
	booktitle={Proceedings of the 16th international conference on World Wide Web},
	pages={657--666},
	year={2007},
	organization={ACM}
}

@inproceedings{inglesanttrue,
	title={The true cost of unusable password policies: password use in the wild},
	author={Inglesant, Philip G and Sasse, M Angela},
	booktitle={Proceedings of the SIGCHI Conference on Human Factors in Computing Systems},
	pages={383--392},
	year={2010},
	organization={ACM}
}

@inproceedings{florenciosecurity,
	title={Where do security policies come from?},
	author={Flor{\^e}ncio, Dinei and Herley, Cormac},
	booktitle={Proceedings of the Sixth Symposium on Usable Privacy and Security},
	pages={10},
	year={2010},
	organization={ACM}
}

@inproceedings{tangledpasswordreuse,
	title={The Tangled Web of Password Reuse.},
	author={Das, Anupam and Bonneau, Joseph and Caesar, Matthew and Borisov, Nikita and Wang, XiaoFeng},
	booktitle={NDSS},
	volume={14},
	pages={23--26},
	year={2014}
}

@inproceedings{florencio2014password,
	title={Password Portfolios and the Finite-Effort User: Sustainably Managing Large Numbers of Accounts.},
	author={Flor{\^e}ncio, Dinei and Herley, Cormac and Van Oorschot, Paul C},
	booktitle={USENIX Security Symposium},
	pages={575--590},
	year={2014}
}
@inproceedings{zhang2010security,
	title={The security of modern password expiration: An algorithmic framework and empirical analysis},
	author={Zhang, Yinqian and Monrose, Fabian and Reiter, Michael K},
	booktitle={Proceedings of the 17th ACM conference on Computer and communications security},
	pages={176--186},
	year={2010},
	organization={ACM}
}
@inproceedings{johnnyencrypt,
	title={Why Johnny Can't Encrypt: A Usability Evaluation of PGP 5.0.},
	author={Whitten, Alma and Tygar, J Doug},
	booktitle={USENIX Security Symposium},
	volume={348},
	year={1999}
}
@article{johnny2015,
	title={Why Johnny Still, Still Can't Encrypt: Evaluating the Usability of a Modern PGP Client},
	author={Ruoti, Scott and Andersen, Jeff and Zappala, Daniel and Seamons, Kent},
	journal={arXiv preprint arXiv:1510.08555},
	year={2015}
}

@inproceedings{johnny2,
	title={Johnny 2: a user test of key continuity management with S/MIME and Outlook Express},
	author={Garfinkel, Simson L and Miller, Robert C},
	booktitle={Proceedings of the 2005 symposium on Usable privacy and security},
	pages={13--24},
	year={2005},
	organization={ACM}
}

@article{socialphishing,
  title={Social phishing},
  author={Jagatic, Tom N and Johnson, Nathaniel A and Jakobsson, Markus and Menczer, Filippo},
  journal={Communications of the ACM},
  volume={50},
  number={10},
  pages={94--100},
  year={2007},
  publisher={ACM}
}
@article{jakobsson2008,
  title={Why and how to perform fraud experiments},
  author={Jakobsson, Markus and Johnson, Nathaniel and Finn, Peter},
  journal={IEEE Security \& Privacy},
  volume={6},
  number={2},
  year={2008},
  publisher={IEEE}
}
@inproceedings{downs2006decision,
  title={Decision strategies and susceptibility to phishing},
  author={Downs, Julie S and Holbrook, Mandy B and Cranor, Lorrie Faith},
  booktitle={Proceedings of the second symposium on Usable privacy and security},
  pages={79--90},
  year={2006},
  organization={ACM}
}
@inproceedings{2006phishing,
  title={Why phishing works},
  author={Dhamija, Rachna and Tygar, J Doug and Hearst, Marti},
  booktitle={Proceedings of the SIGCHI conference on Human Factors in computing systems},
  pages={581--590},
  year={2006},
  organization={ACM}
}
@article{2015phishing,
  title={Why phishing still works: user strategies for combating phishing attacks},
  author={Alsharnouby, Mohamed and Alaca, Furkan and Chiasson, Sonia},
  journal={International Journal of Human-Computer Studies},
  volume={82},
  pages={69--82},
  year={2015},
  publisher={Elsevier}
}
@inproceedings{herley2009so,
  title={So long, and no thanks for the externalities: the rational rejection of security advice by users},
  author={Herley, Cormac},
  booktitle={Proceedings of the 2009 workshop on New security paradigms workshop},
  pages={133--144},
  year={2009},
  organization={ACM}
}
@inproceedings{herley2012nigerian,
  title={Why do nigerian scammers say they are from nigeria?},
  author={Herley, Cormac},
  booktitle={WEIS},
  year={2012}
}

@article{lea2009psychology,
  title={The psychology of scams: Provoking and committing errors of judgement},
  author={Lea, Stephen EG and Fischer, Peter and Evans, Kath M},
  year={2009},
  publisher={Office of Fair Trading}
}
@article{stewart2012death,
  title={Death by a thousand facts: Criticising the technocratic approach to information security awareness},
  author={Stewart, Geordie and Lacey, David},
  journal={Information Management \& Computer Security},
  volume={20},
  number={1},
  pages={29--38},
  year={2012},
  publisher={Emerald Group Publishing Limited}
}
@article{nielsen2004user,
  title={User education is not the answer to security problems},
  author={Nielsen, Jakob},
  journal={Alertbox, October},
  year={2004}
}
@inproceedings{edwards2008security,
  title={Security automation considered harmful?},
  author={Edwards, W Keith and Poole, Erika Shehan and Stoll, Jennifer},
  booktitle={Proceedings of the 2007 Workshop on New Security Paradigms},
  pages={33--42},
  year={2008},
  organization={ACM}
}
